<?xml version="1.0" encoding="UTF-8"?><collection xmlns="http://www.loc.gov/MARC21/slim"><record><leader>00417nam--2200133-i-4500</leader><controlfield tag="001">000041413</controlfield><controlfield tag="002">20161230</controlfield><controlfield tag="005">20161230201043</controlfield><controlfield tag="008">060222s1000------------r-----000-0-eng-d</controlfield><datafield ind1=" " ind2=" " tag="100"><subfield code="a">Poulsen, Chr</subfield></datafield><datafield ind1=" " ind2=" " tag="245"><subfield code="a">Fossils from the late middle cambrian bolaspidella zone of mendoza, argentina</subfield></datafield><datafield ind1=" " ind2=" " tag="260"><subfield code="a">Kobenhavn, Ejnar Munksgaard, 1960, 42p.+3 Planse</subfield></datafield><datafield ind1=" " ind2=" " tag="490"><subfield code="a">Detongelige Danske Videnskabernes Selskab</subfield></datafield><datafield ind1=" " ind2=" " tag="852"><subfield code="a">17448</subfield></datafield></record></collection>